@online{ wiki:ar,
	author = {Wikipedia},
	title = {Augmented reality --- Wikipedia, The Free Encyclopedia},
	year = {2016},
	url = {http://en.wikipedia.org/w/index.php?title=Augmented%20reality&oldid=739676140},
	note = {[Online; accessed 19-September-2016]}
}

@online{ baum:master,
	author = {Lyman Frank, Baum},
	title = {The Master Key},
	year = {1901},
	url = {http://fairy-tales.classic-literature.co.uk/frank-l-baum-the-master-key/}
}


@article{ ylmaz:tracking,
	author = {Ylmaz, Alper and Javed, Omar and Shah, Mubarak},
	title = {Object tracking: A survey},
	journaltitle = {ACM Computing Surveys (CSUR)},
	date = {2006-12-25},
	volume = {38},
	issue = {4},
	issn = {0360-0300},
}

@book{ abt:serious,
	author = {Abt, Clark},
	title = {Serious Games},
	year = {1970},
	publisher = {Viking Press}
}

@online{ firebase:presence,
	author = {Anant, Narayanan},
	title = {How To Build a Presence System},
	year = {2013},
	month = {June},
	day = {17}, 
	url = {https://firebase.googleblog.com/2013/06/how-to-build-presence-system.html}
}